<record><leader>00000cas a2200000 a 4500</leader><controlfield tag="001">37643959</controlfield><controlfield tag="008">970918d19441946caudn ne      0    0eng c</controlfield><datafield ind1=" " ind2=" " tag="010"><subfield code="a">sn 97060753 </subfield></datafield><datafield ind1=" " ind2=" " tag="040"><subfield code="a">CNK</subfield><subfield code="b">eng</subfield><subfield code="c">CNK</subfield><subfield code="d">OCLCQ</subfield><subfield code="d">CNK</subfield><subfield code="d">OCLCQ</subfield><subfield code="d">OCLCF</subfield><subfield code="d">OCLCO</subfield></datafield><datafield ind1="1" ind2=" " tag="029"><subfield code="a">AU@</subfield><subfield code="b">000013497032</subfield></datafield><datafield ind1=" " ind2=" " tag="042"><subfield code="a">pcc</subfield></datafield><datafield ind1=" " ind2=" " tag="043"><subfield code="a">n-us-ca</subfield></datafield><datafield ind1="0" ind2="0" tag="245"><subfield code="a">Tulare daily advance-register and the Tulare times.</subfield></datafield><datafield ind1="1" ind2="7" tag="246"><subfield code="a">Tulare advance-register and daily times</subfield></datafield><datafield ind1=" " ind2=" " tag="260"><subfield code="a">Tulare, Calif. :</subfield><subfield code="b">Percy M. Whiteshade</subfield></datafield><datafield ind1=" " ind2=" " tag="300"><subfield code="a">v.</subfield></datafield><datafield ind1=" " ind2=" " tag="310"><subfield code="a">Daily (except Sun.)</subfield></datafield><datafield ind1="0" ind2=" " tag="362"><subfield code="a">62nd year, no. 296 (Dec. 16, 1944)-64th year, no. 65 [i.e. 66] (Mar. 9, 1946).</subfield></datafield><datafield ind1=" " ind2=" " tag="530"><subfield code="a">Master negatives are available for duplication from:</subfield><subfield code="b">California Newspaper Microfilm Archive;</subfield><subfield code="c">positive copies may be purchased by the reel; for further information consult the CNMA at:</subfield><subfield code="u">http://cbsr.ucr.edu</subfield></datafield><datafield ind1=" " ind2="0" tag="651"><subfield code="a">Tulare (Calif.)</subfield><subfield code="v">Newspapers.</subfield></datafield><datafield ind1=" " ind2="7" tag="655"><subfield code="a">Newspapers.</subfield><subfield code="2">fast</subfield><subfield code="0">(OCoLC)fst01423814</subfield></datafield><datafield ind1=" " ind2="7" tag="651"><subfield code="a">California</subfield><subfield code="z">Tulare.</subfield><subfield code="2">fast</subfield><subfield code="0">(OCoLC)fst01213977</subfield></datafield><datafield ind1=" " ind2=" " tag="752"><subfield code="a">United States</subfield><subfield code="b">California</subfield><subfield code="c">Tulare</subfield><subfield code="d">Tulare.</subfield></datafield><datafield ind1="0" ind2="4" tag="780"><subfield code="t">Tulare daily advance-register</subfield><subfield code="w">(DLC)sn 93053229</subfield></datafield><datafield ind1="0" ind2="4" tag="780"><subfield code="t">Tulare daily times</subfield><subfield code="w">(DLC)sn 93053228</subfield></datafield><datafield ind1="0" ind2="0" tag="785"><subfield code="t">Tulare advance register and the Tulare times</subfield><subfield code="w">(DLC)sn 97060754</subfield></datafield></record>